@ARTICLE{BMAgricultura,
 author = {{Banco Mundial}},
 title = {{Alimentos y agricultura (i), Panorama general}},
 year = {2022},
 journal = {BANCO MUNDIAL},
 note={\url{https://www.bancomundial.org/es/topic/agriculture/overview}}
 }
 
 @ARTICLE{IA1,
 author = {{Oracle}},
 title = {¿ Qué es la inteligencia artificial? Obtén más información sobre la inteligencia artificial},
 year = {{s.f.}},
 journal = {OCI, Inteligencia artificial},
 note={\url{https://www.oracle.com/co/artificial-intelligence/what-is-ai/}}
 }
 
 @mastersthesis{mastersthesis,
  author = {Edison Albeiro Mogollón Pérez and Yeimi Paola Quimbay Diaz}, 
  title = {LA AGRICULTURA VERTICAL COMO ESTRATEGIA PARA GARANTIZAR LA SEGURIDAD ALIMENTARIA EN TÉRMINOS DE ABASTECIMIENTO Y CALIDAD DE PRODUCTOS EN EL MUNICIPIO DE GACHETÁ CUNDINAMARCA},
  school = {Universidad Nacional Abierta y a Distancia (UNAD)},
  year = 2019,
  type = {Monografía de investigación}
}
%==================================================================================================
 @ARTICLE{VertFarmSuyash,
 author = {Suyash Gupta},
 title = {Vertical Farming — the next big conquest for IoT:},
 year = {2020},
 journal = {Medium},
 note={\url{https://medium.com/isa-vit/vertical-farming-the-next-big-conquest-for-iot-2d5d2bd37132}}
 }

@ARTICLE{VertFarmLoI,
 author = {Panharith In},
 title = {How IoT Increases Productivity In Vertical Farming!},
 year = {2022},
 journal = {Institute of Digital Research and Innovation},
 note={\url{https://www.cadt.edu.kh/how-iot-increases-productivity-in-vertical-farming/}}
 }

 @ARTICLE{sensorsRole,
 author = {Marcel Krijn},
 title = {The role of sensors and data collection in a successful vertical farm},
 year = {2019},
 journal = {Horti dialy},
 note={\url{https://www.hortidaily.com/article/9074499/the-role-of-sensors-and-data-collection-in-a-successful-vertical-farm/}}
 }

@ARTICLE{electronics10121422,
AUTHOR = {Saad, Mohamad Hanif Md and Hamdan, Nurul Maisarah and Sarker, Mahidur R.},
TITLE = {State of the Art of Urban Smart Vertical Farming Automation System: Advanced Topologies, Issues and Recommendations},
JOURNAL = {Electronics},
VOLUME = {10},
YEAR = {2021},
NUMBER = {12},
ARTICLE-NUMBER = {1422},
URL = {https://www.mdpi.com/2079-9292/10/12/1422},
ISSN = {2079-9292},
DOI = {10.3390/electronics10121422}
}

%==================================================================================================